@inproceedings{conferencekey,
  title = {Upper Case for {{ALL}} Initial Character},
  booktitle = {{{IEEE}} Symposium on Security and Privacy},
  author = {Last Name, First Name and Last Name, First Name},
  year = {202x},
  pages = {xx--xx},
  address = {City, State, Country},
}

@article{journalkey,
  title = {Upper Case for {{ALL}} Initial Character},
  author = {Last Name, First Name and Last Name, First Name},
  year = {202x},
  journal = {IEEE Transactions on Information Forensics and Security},
  volume = {xx},
  number = {xx},
  pages = {xx--xx}
}